<?xml version="1.0" encoding="UTF-8"?><collection xmlns="http://www.loc.gov/MARC21/slim"><record><leader>00382nam--2200145-i-4500</leader><controlfield tag="001">000012219</controlfield><controlfield tag="002">20161230</controlfield><controlfield tag="005">20161230201029</controlfield><controlfield tag="008">060222s1000------------r-----000-0-eng-d</controlfield><datafield ind1=" " ind2=" " tag="080"><subfield code="a">001.891:65.01</subfield></datafield><datafield ind1=" " ind2=" " tag="100"><subfield code="a">Boulenger, J</subfield></datafield><datafield ind1=" " ind2=" " tag="245"><subfield code="a">Informatique et administration de l`entreprise</subfield></datafield><datafield ind1=" " ind2=" " tag="260"><subfield code="a">Paris, Sirey, 1968 339 P</subfield></datafield><datafield ind1=" " ind2=" " tag="490"><subfield code="a">Adiministration Des Entreprises</subfield></datafield><datafield ind1=" " ind2=" " tag="852"><subfield code="a">31824</subfield></datafield></record></collection>